% see IEEEtran BibTeX style guide.
% disable putting dashes instead of repeated names.
@IEEEtranBSTCTL{Proposal:BSTcontrol, 
  CTLdash_repeated_names = "no"
}