@article{gan,
	author    = {Ian J. Goodfellow and
	Jean Pouget{-}Abadie and
	Mehdi Mirza and
	Bing Xu and
	David Warde{-}Farley and
	Sherjil Ozair and
	Aaron C. Courville and
	Yoshua Bengio},
	title     = {Generative Adversarial Networks},
	journal   = {CoRR},
	volume    = {abs/1406.2661},
	year      = {2014},
	url       = {http://arxiv.org/abs/1406.2661},
	archivePrefix = {arXiv},
	eprint    = {1406.2661},
	timestamp = {Mon, 13 Aug 2018 16:47:18 +0200},
	biburl    = {https://dblp.org/rec/bib/journals/corr/GoodfellowPMXWOCB14},
	bibsource = {dblp computer science bibliography, https://dblp.org}
}

@article{vae-org,
	author    = {Diederik P. Kingma and
	Max Welling},
	title     = {Auto-Encoding Variational Bayes},
	journal   = {CoRR},
	volume    = {abs/1312.6114},
	year      = {2013},
	url       = {http://arxiv.org/abs/1312.6114},
	archivePrefix = {arXiv},
	eprint    = {1312.6114},
	timestamp = {Mon, 13 Aug 2018 16:49:01 +0200},
	biburl    = {https://dblp.org/rec/bib/journals/corr/KingmaW13},
	bibsource = {dblp computer science bibliography, https://dblp.org}
}

@article{teacher-force,
	author    = {Ronald J. Williams and
	David Zipser},
	title     = {A Learning Algorithm for Continually Running Fully Recurrent Neural
	Networks},
	journal   = {Neural Computation},
	volume    = {1},
	number    = {2},
	pages     = {270--280},
	year      = {1989},
	url       = {https://doi.org/10.1162/neco.1989.1.2.270},
	doi       = {10.1162/neco.1989.1.2.270},
	timestamp = {Sun, 28 May 2017 13:19:03 +0200},
	biburl    = {https://dblp.org/rec/bib/journals/neco/WilliamsZ89},
	bibsource = {dblp computer science bibliography, https://dblp.org}
}

@inproceedings{prof-force,
  author    = {Anirudh Goyal and
               Alex Lamb and
               Ying Zhang and
               Saizheng Zhang and
               Aaron C. Courville and
               Yoshua Bengio},
  title     = {Professor Forcing: {A} New Algorithm for Training Recurrent Networks},
  booktitle = {Advances in Neural Information Processing Systems 29: Annual Conference
               on Neural Information Processing Systems 2016, December 5-10, 2016,
               Barcelona, Spain},
  pages     = {4601--4609},
  year      = {2016},
  crossref  = {DBLP:conf/nips/2016},
  url       = {http://papers.nips.cc/paper/6099-professor-forcing-a-new-algorithm-for-training-recurrent-networks},
  timestamp = {Fri, 03 Mar 2017 14:59:41 +0100},
  biburl    = {https://dblp.org/rec/bib/conf/nips/GoyalLZZCB16},
  bibsource = {dblp computer science bibliography, https://dblp.org}
}

@inproceedings{vae-text,
	author    = {Samuel R. Bowman and
	Luke Vilnis and
	Oriol Vinyals and
	Andrew M. Dai and
	Rafal J{\'{o}}zefowicz and
	Samy Bengio},
	title     = {Generating Sentences from a Continuous Space},
	booktitle = {Proceedings of the 20th {SIGNLL} Conference on Computational Natural
	Language Learning, CoNLL 2016, Berlin, Germany, August 11-12, 2016},
	pages     = {10--21},
	year      = {2016},
	crossref  = {DBLP:conf/conll/2016},
	url       = {http://aclweb.org/anthology/K/K16/K16-1002.pdf},
	timestamp = {Sun, 04 Sep 2016 10:01:12 +0200},
	biburl    = {https://dblp.org/rec/bib/conf/conll/BowmanVVDJB16},
	bibsource = {dblp computer science bibliography, https://dblp.org}
}

@inproceedings{seqgan,
	author    = {Lantao Yu and
	Weinan Zhang and
	Jun Wang and
	Yong Yu},
	title     = {SeqGAN: Sequence Generative Adversarial Nets with Policy Gradient},
	booktitle = {Proceedings of the Thirty-First {AAAI} Conference on Artificial Intelligence,
	February 4-9, 2017, San Francisco, California, {USA.}},
	pages     = {2852--2858},
	year      = {2017},
	crossref  = {DBLP:conf/aaai/2017},
	url       = {http://aaai.org/ocs/index.php/AAAI/AAAI17/paper/view/14344},
	timestamp = {Wed, 21 Feb 2018 00:53:31 +0100},
	biburl    = {https://dblp.org/rec/bib/conf/aaai/YuZWY17},
	bibsource = {dblp computer science bibliography, https://dblp.org}
}

@inproceedings{toward,
	author    = {Zhiting Hu and
	Zichao Yang and
	Xiaodan Liang and
	Ruslan Salakhutdinov and
	Eric P. Xing},
	title     = {Toward Controlled Generation of Text},
	booktitle = {Proceedings of the 34th International Conference on Machine Learning,
	{ICML} 2017, Sydney, NSW, Australia, 6-11 August 2017},
	pages     = {1587--1596},
	year      = {2017},
	crossref  = {DBLP:conf/icml/2017},
	url       = {http://proceedings.mlr.press/v70/hu17e.html},
	timestamp = {Wed, 16 Aug 2017 11:08:55 +0200},
	biburl    = {https://dblp.org/rec/bib/conf/icml/HuYLSX17},
	bibsource = {dblp computer science bibliography, https://dblp.org}
}



@inproceedings{learn-constraint,
	author    = {Zhiting Hu and
	Zichao Yang and
	Ruslan R. Salakhutdinov and
	Lianhui Qin and
	Xiaodan Liang and
	Haoye Dong and
	Eric P. Xing},
	title     = {Deep Generative Models with Learnable Knowledge Constraints},
	booktitle = {Advances in Neural Information Processing Systems 31: Annual Conference
	on Neural Information Processing Systems 2018, NeurIPS 2018, 3-8 December
	2018, Montr{\'{e}}al, Canada.},
	pages     = {10522--10533},
	year      = {2018},
	crossref  = {DBLP:conf/nips/2018},
	url       = {http://papers.nips.cc/paper/8250-deep-generative-models-with-learnable-knowledge-constraints},
	timestamp = {Sun, 16 Dec 2018 17:30:05 +0100},
	biburl    = {https://dblp.org/rec/bib/conf/nips/HuYSQLDX18},
	bibsource = {dblp computer science bibliography, https://dblp.org}
}

@article{posterior-regularization,
	author    = {Kuzman Ganchev and
	Jo{\~{a}}o Gra{\c{c}}a and
	Jennifer Gillenwater and
	Ben Taskar},
	title     = {Posterior Regularization for Structured Latent Variable Models},
	journal   = {Journal of Machine Learning Research},
	volume    = {11},
	pages     = {2001--2049},
	year      = {2010},
	url       = {http://portal.acm.org/citation.cfm?id=1859918},
	timestamp = {Fri, 01 Apr 2011 14:32:52 +0200},
	biburl    = {https://dblp.org/rec/bib/journals/jmlr/GanchevGGT10},
	bibsource = {dblp computer science bibliography, https://dblp.org}
}

@inproceedings{leakgan,
	author    = {Jiaxian Guo and
	Sidi Lu and
	Han Cai and
	Weinan Zhang and
	Yong Yu and
	Jun Wang},
	title     = {Long Text Generation via Adversarial Training with Leaked Information},
	booktitle = {Proceedings of the Thirty-Second {AAAI} Conference on Artificial Intelligence,
	(AAAI-18), the 30th innovative Applications of Artificial Intelligence
	(IAAI-18), and the 8th {AAAI} Symposium on Educational Advances in
	Artificial Intelligence (EAAI-18), New Orleans, Louisiana, USA, February
	2-7, 2018},
	pages     = {5141--5148},
	year      = {2018},
	crossref  = {DBLP:conf/aaai/2018},
	url       = {https://www.aaai.org/ocs/index.php/AAAI/AAAI18/paper/view/16360},
	timestamp = {Tue, 23 Oct 2018 06:42:15 +0200},
	biburl    = {https://dblp.org/rec/bib/conf/aaai/GuoLCZYW18},
	bibsource = {dblp computer science bibliography, https://dblp.org}
}

@article{cgan,
	author    = {Mehdi Mirza and
	Simon Osindero},
	title     = {Conditional Generative Adversarial Nets},
	journal   = {CoRR},
	volume    = {abs/1411.1784},
	year      = {2014},
	url       = {http://arxiv.org/abs/1411.1784},
	archivePrefix = {arXiv},
	eprint    = {1411.1784},
	timestamp = {Mon, 13 Aug 2018 16:48:15 +0200},
	biburl    = {https://dblp.org/rec/bib/journals/corr/MirzaO14},
	bibsource = {dblp computer science bibliography, https://dblp.org}
}

@inproceedings{cvae,
	author    = {Diederik P. Kingma and
	Shakir Mohamed and
	Danilo Jimenez Rezende and
	Max Welling},
	title     = {Semi-supervised Learning with Deep Generative Models},
	booktitle = {Advances in Neural Information Processing Systems 27: Annual Conference
	on Neural Information Processing Systems 2014, December 8-13 2014,
	Montreal, Quebec, Canada},
	pages     = {3581--3589},
	year      = {2014},
	crossref  = {DBLP:conf/nips/2014},
	url       = {http://papers.nips.cc/paper/5352-semi-supervised-learning-with-deep-generative-models},
	timestamp = {Wed, 10 Dec 2014 21:34:12 +0100},
	biburl    = {https://dblp.org/rec/bib/conf/nips/KingmaMRW14},
	bibsource = {dblp computer science bibliography, https://dblp.org}
}

@inproceedings{sentigan,
	author    = {Ke Wang and
	Xiaojun Wan},
	title     = {SentiGAN: Generating Sentimental Texts via Mixture Adversarial Networks},
	booktitle = {Proceedings of the Twenty-Seventh International Joint Conference on
	Artificial Intelligence, {IJCAI} 2018, July 13-19, 2018, Stockholm,
	Sweden.},
	pages     = {4446--4452},
	year      = {2018},
	crossref  = {DBLP:conf/ijcai/2018},
	url       = {https://doi.org/10.24963/ijcai.2018/618},
	doi       = {10.24963/ijcai.2018/618},
	timestamp = {Sat, 28 Jul 2018 14:39:21 +0200},
	biburl    = {https://dblp.org/rec/bib/conf/ijcai/Wang018},
	bibsource = {dblp computer science bibliography, https://dblp.org}
}

@article{pgbleu,
	author    = {Marc'Aurelio Ranzato and
	Sumit Chopra and
	Michael Auli and
	Wojciech Zaremba},
	title     = {Sequence Level Training with Recurrent Neural Networks},
	journal   = {CoRR},
	volume    = {abs/1511.06732},
	year      = {2015},
	url       = {http://arxiv.org/abs/1511.06732},
	archivePrefix = {arXiv},
	eprint    = {1511.06732},
	timestamp = {Mon, 13 Aug 2018 16:48:22 +0200},
	biburl    = {https://dblp.org/rec/bib/journals/corr/RanzatoCAZ15},
	bibsource = {dblp computer science bibliography, https://dblp.org}
}

@article{perplexity,
	author    = {Peter F. Brown and
	Stephen Della Pietra and
	Vincent J. Della Pietra and
	Jennifer C. Lai and
	Robert L. Mercer},
	title     = {An Estimate of an Upper Bound for the Entropy of English},
	journal   = {Computational Linguistics},
	volume    = {18},
	number    = {1},
	pages     = {31--40},
	year      = {1992},
	timestamp = {Thu, 03 Jan 2002 12:16:55 +0100},
	biburl    = {https://dblp.org/rec/bib/journals/coling/BrownPPLM92},
	bibsource = {dblp computer science bibliography, https://dblp.org}
}

@inproceedings{bleu,
	author    = {Kishore Papineni and
	Salim Roukos and
	Todd Ward and
	Wei{-}Jing Zhu},
	title     = {Bleu: a Method for Automatic Evaluation of Machine Translation},
	booktitle = {Proceedings of the 40th Annual Meeting of the Association for Computational
	Linguistics, July 6-12, 2002, Philadelphia, PA, {USA.}},
	pages     = {311--318},
	year      = {2002},
	crossref  = {DBLP:conf/acl/2002},
	url       = {http://www.aclweb.org/anthology/P02-1040.pdf},
	timestamp = {Thu, 17 Aug 2017 17:55:42 +0200},
	biburl    = {https://dblp.org/rec/bib/conf/acl/PapineniRWZ02},
	bibsource = {dblp computer science bibliography, https://dblp.org}
}


@inproceedings{hybrid-text-vae,
	author    = {Stanislau Semeniuta and
	Aliaksei Severyn and
	Erhardt Barth},
	title     = {A Hybrid Convolutional Variational Autoencoder for Text Generation},
	booktitle = {Proceedings of the 2017 Conference on Empirical Methods in Natural
	Language Processing, {EMNLP} 2017, Copenhagen, Denmark, September
	9-11, 2017},
	pages     = {627--637},
	year      = {2017},
	crossref  = {DBLP:conf/emnlp/2017},
	url       = {https://aclanthology.info/papers/D17-1066/d17-1066},
	timestamp = {Tue, 30 Jan 2018 13:42:04 +0100},
	biburl    = {https://dblp.org/rec/bib/conf/emnlp/SemeniutaSB17},
	bibsource = {dblp computer science bibliography, https://dblp.org}
}

@inproceedings{improved-text-vae,
	author    = {Zichao Yang and
	Zhiting Hu and
	Ruslan Salakhutdinov and
	Taylor Berg{-}Kirkpatrick},
	title     = {Improved Variational Autoencoders for Text Modeling using Dilated
	Convolutions},
	booktitle = {Proceedings of the 34th International Conference on Machine Learning,
	{ICML} 2017, Sydney, NSW, Australia, 6-11 August 2017},
	pages     = {3881--3890},
	year      = {2017},
	crossref  = {DBLP:conf/icml/2017},
	url       = {http://proceedings.mlr.press/v70/yang17d.html},
	timestamp = {Wed, 16 Aug 2017 11:08:55 +0200},
	biburl    = {https://dblp.org/rec/bib/conf/icml/YangHSB17},
	bibsource = {dblp computer science bibliography, https://dblp.org}
}

@inproceedings{ssampling,
	author    = {Samy Bengio and
	Oriol Vinyals and
	Navdeep Jaitly and
	Noam Shazeer},
	title     = {Scheduled Sampling for Sequence Prediction with Recurrent Neural Networks},
	booktitle = {Advances in Neural Information Processing Systems 28: Annual Conference
	on Neural Information Processing Systems 2015, December 7-12, 2015,
	Montreal, Quebec, Canada},
	pages     = {1171--1179},
	year      = {2015},
	crossref  = {DBLP:conf/nips/2015},
	url       = {http://papers.nips.cc/paper/5956-scheduled-sampling-for-sequence-prediction-with-recurrent-neural-networks},
	timestamp = {Fri, 08 Apr 2016 19:32:53 +0200},
	biburl    = {https://dblp.org/rec/bib/conf/nips/BengioVJS15},
	bibsource = {dblp computer science bibliography, https://dblp.org}
}

@proceedings{DBLP:conf/nips/2015,
	editor    = {Corinna Cortes and
	Neil D. Lawrence and
	Daniel D. Lee and
	Masashi Sugiyama and
	Roman Garnett},
	title     = {Advances in Neural Information Processing Systems 28: Annual Conference
	on Neural Information Processing Systems 2015, December 7-12, 2015,
	Montreal, Quebec, Canada},
	year      = {2015},
	url       = {http://papers.nips.cc/book/advances-in-neural-information-processing-systems-28-2015},
	timestamp = {Fri, 08 Apr 2016 19:32:52 +0200},
	biburl    = {https://dblp.org/rec/bib/conf/nips/2015},
	bibsource = {dblp computer science bibliography, https://dblp.org}
}

@proceedings{DBLP:conf/acl/2002,
	title     = {Proceedings of the 40th Annual Meeting of the Association for Computational
	Linguistics, July 6-12, 2002, Philadelphia, PA, {USA}},
	publisher = {{ACL}},
	year      = {2002},
	url       = {http://aclweb.org/anthology/P/P02/},
	timestamp = {Thu, 17 Aug 2017 17:55:42 +0200},
	biburl    = {https://dblp.org/rec/bib/conf/acl/2002},
	bibsource = {dblp computer science bibliography, https://dblp.org}
}

@proceedings{DBLP:conf/ijcai/2018,
	editor    = {J{\'{e}}r{\^{o}}me Lang},
	title     = {Proceedings of the Twenty-Seventh International Joint Conference on
	Artificial Intelligence, {IJCAI} 2018, July 13-19, 2018, Stockholm,
	Sweden},
	publisher = {ijcai.org},
	year      = {2018},
	url       = {http://www.ijcai.org/proceedings/2018/},
	isbn      = {978-0-9992411-2-7},
	timestamp = {Sat, 28 Jul 2018 14:39:21 +0200},
	biburl    = {https://dblp.org/rec/bib/conf/ijcai/2018},
	bibsource = {dblp computer science bibliography, https://dblp.org}
}

@proceedings{DBLP:conf/nips/2014,
	editor    = {Zoubin Ghahramani and
	Max Welling and
	Corinna Cortes and
	Neil D. Lawrence and
	Kilian Q. Weinberger},
	title     = {Advances in Neural Information Processing Systems 27: Annual Conference
	on Neural Information Processing Systems 2014, December 8-13 2014,
	Montreal, Quebec, Canada},
	year      = {2014},
	url       = {http://papers.nips.cc/book/advances-in-neural-information-processing-systems-27-2014},
	timestamp = {Wed, 10 Dec 2014 21:34:12 +0100},
	biburl    = {https://dblp.org/rec/bib/conf/nips/2014},
	bibsource = {dblp computer science bibliography, https://dblp.org}
}

@proceedings{DBLP:conf/aaai/2018,
	editor    = {Sheila A. McIlraith and
	Kilian Q. Weinberger},
	title     = {Proceedings of the Thirty-Second {AAAI} Conference on Artificial Intelligence,
	(AAAI-18), the 30th innovative Applications of Artificial Intelligence
	(IAAI-18), and the 8th {AAAI} Symposium on Educational Advances in
	Artificial Intelligence (EAAI-18), New Orleans, Louisiana, USA, February
	2-7, 2018},
	publisher = {{AAAI} Press},
	year      = {2018},
	url       = {https://www.aaai.org/ocs/index.php/AAAI/AAAI18/schedConf/presentations},
	timestamp = {Tue, 23 Oct 2018 06:42:15 +0200},
	biburl    = {https://dblp.org/rec/bib/conf/aaai/2018},
	bibsource = {dblp computer science bibliography, https://dblp.org}
}

@proceedings{DBLP:conf/nips/2018,
	editor    = {Samy Bengio and
	Hanna M. Wallach and
	Hugo Larochelle and
	Kristen Grauman and
	Nicol{\`{o}} Cesa{-}Bianchi and
	Roman Garnett},
	title     = {Advances in Neural Information Processing Systems 31: Annual Conference
	on Neural Information Processing Systems 2018, NeurIPS 2018, 3-8 December
	2018, Montr{\'{e}}al, Canada},
	year      = {2018},
	url       = {http://papers.nips.cc/book/advances-in-neural-information-processing-systems-31-2018},
	timestamp = {Sun, 16 Dec 2018 17:30:05 +0100},
	biburl    = {https://dblp.org/rec/bib/conf/nips/2018},
	bibsource = {dblp computer science bibliography, https://dblp.org}
}



@proceedings{DBLP:conf/icml/2017,
	editor    = {Doina Precup and
	Yee Whye Teh},
	title     = {Proceedings of the 34th International Conference on Machine Learning,
	{ICML} 2017, Sydney, NSW, Australia, 6-11 August 2017},
	series    = {Proceedings of Machine Learning Research},
	volume    = {70},
	publisher = {{PMLR}},
	year      = {2017},
	url       = {http://jmlr.org/proceedings/papers/v70/},
	timestamp = {Wed, 16 Aug 2017 11:08:55 +0200},
	biburl    = {https://dblp.org/rec/bib/conf/icml/2017},
	bibsource = {dblp computer science bibliography, https://dblp.org}
}

@proceedings{DBLP:conf/aaai/2017,
	editor    = {Satinder P. Singh and
	Shaul Markovitch},
	title     = {Proceedings of the Thirty-First {AAAI} Conference on Artificial Intelligence,
	February 4-9, 2017, San Francisco, California, {USA}},
	publisher = {{AAAI} Press},
	year      = {2017},
	url       = {http://www.aaai.org/Library/AAAI/aaai17contents.php},
	timestamp = {Mon, 06 Mar 2017 08:17:31 +0100},
	biburl    = {https://dblp.org/rec/bib/conf/aaai/2017},
	bibsource = {dblp computer science bibliography, https://dblp.org}
}

@proceedings{DBLP:conf/conll/2016,
	editor    = {Yoav Goldberg and
	Stefan Riezler},
	title     = {Proceedings of the 20th {SIGNLL} Conference on Computational Natural
	Language Learning, CoNLL 2016, Berlin, Germany, August 11-12, 2016},
	publisher = {{ACL}},
	year      = {2016},
	url       = {http://www.aclweb.org/anthology/K/K16/},
	isbn      = {978-1-945626-19-7},
	timestamp = {Fri, 02 Sep 2016 09:20:26 +0200},
	biburl    = {https://dblp.org/rec/bib/conf/conll/2016},
	bibsource = {dblp computer science bibliography, https://dblp.org}
}



@proceedings{DBLP:conf/nips/2016,
  editor    = {Daniel D. Lee and
               Masashi Sugiyama and
               Ulrike von Luxburg and
               Isabelle Guyon and
               Roman Garnett},
  title     = {Advances in Neural Information Processing Systems 29: Annual Conference
               on Neural Information Processing Systems 2016, December 5-10, 2016,
               Barcelona, Spain},
  year      = {2016},
  url       = {http://papers.nips.cc/book/advances-in-neural-information-processing-systems-29-2016},
  timestamp = {Fri, 03 Mar 2017 14:59:41 +0100},
  biburl    = {https://dblp.org/rec/bib/conf/nips/2016},
  bibsource = {dblp computer science bibliography, https://dblp.org}
}

@proceedings{DBLP:conf/emnlp/2017,
	editor    = {Martha Palmer and
	Rebecca Hwa and
	Sebastian Riedel},
	title     = {Proceedings of the 2017 Conference on Empirical Methods in Natural
	Language Processing, {EMNLP} 2017, Copenhagen, Denmark, September
	9-11, 2017},
	publisher = {Association for Computational Linguistics},
	year      = {2017},
	url       = {https://aclanthology.info/volumes/proceedings-of-the-2017-conference-on-empirical-methods-in-natural-language-processing},
	isbn      = {978-1-945626-83-8},
	timestamp = {Tue, 30 Jan 2018 13:42:04 +0100},
	biburl    = {https://dblp.org/rec/bib/conf/emnlp/2017},
	bibsource = {dblp computer science bibliography, https://dblp.org}
}
